@article{Church1940AFO,
  title={A Formulation of the Simple Theory of Types},
  author={Alonzo Church},
  journal={J. Symb. Log.},
  year={1940},
  volume={5},
  pages={56-68}
}

@inproceedings{PaulinMohring2015IntroductionTT,
  title={Introduction to the Calculus of Inductive Constructions},
  author={Christine Paulin-Mohring},
  year={2015}
}

@misc{rustlang,
    title={The Rust Programming Language},
    howpublished="\url{https://doc.rust-lang.org/book/}",
    note= "[Online; accessed 09-April-2020]"
}

@misc{PythonDropbox,
    title={Our journey to type checking 4 million lines of Python},
    howpublished="\url{https://dropbox.tech/application/our-journey-to-type-checking-4-million-lines-of-python}",
    note= "[Online; accessed 08-April-2020]"
}

@inproceedings{Jhala2014RefinementTF,
  title={Refinement types for Haskell},
  author={Ranjit Jhala},
  booktitle={PLPV '14},
  year={2014}
}

@misc{pep20,
    title={PEP 20 -- The Zen of Python},
    author={Tim Peters},
    howpublished="\url{https://www.python.org/dev/peps/pep-0020/}",
    note="[Online; accessed 08-April-2020]"
}

@misc{python-quotes,
    title={Quotes about Python},
    howpublished="\url{https://www.python.org/about/quotes/}",
    note="[Online; accessed 10-April-2020]"
}

@misc{pep484,
    title={PEP 484 -- Type Hints},
    author={van Rossum, Guido and Lehtosalo, Jukka and Langa, ≈Åukasz},
    howpublished="\url{https://www.python.org/dev/peps/pep-0484/}",
    note="[Online; accessed 09-April-2020]"
}

@misc{ndarray,
    title={The N-dimensional array},
    howpublished="\url{https://docs.scipy.org/doc/numpy-1.13.0/reference/arrays.ndarray.html}",
    note="[Online; accessed 10-April-2020]"
}

@misc{numpy-manual,
    title={NumPy Manual},
    howpublished="\url{https://docs.scipy.org/doc/numpy/index.html}",
    note="[Online; accessed 10-April-2020]"
}

@misc{sklearn,
    title={LinearRegression},
    howpublished="\url{https://scikit-learn.org/stable/modules/generated/sklearn.linear_model.LinearRegression.html#sklearn.linear_model.LinearRegression.fit}",
    note="[Online; accessed 10-April-2020]"
}

@misc{broadcasting,
    title={Broadcasting},
    howpublished="\url{https://docs.scipy.org/doc/numpy/user/basics.broadcasting.html}",
    note="[Online; accessed 10-April-2020]"
}

@misc{npdot,
    title={numpy.dot},
    howpublished="\url{https://docs.scipy.org/doc/numpy/reference/generated/numpy.dot.html}",
    note="[Online; accessed 10-April-2020]"
}
@misc{npsum,
    title={numpy.sum},
    howpublished="\url{https://docs.scipy.org/doc/numpy/reference/generated/numpy.sum.html}",
    note="[Online; accessed 10-April-2020]"
}
